@inproceedings{Ipsum2019a,
    author = "Ipsum, Lorem and Ipßüm, Lörem",
    year = "2019",
    publisher = "Association for Lorem Ipsum",
    cited-by = "test"
}

@inproceedings{Ipsum2019b,
    Author = "Lorem Ipsum and Lörem Ipßüm",
    Year = "2019",
    Publisher = "Association for Lorem Ipsum",
    Cited-by = "test"
}

@inproceedings{Ipsum2019c,
    AUTHOR = "Lorem Ipsum and Lörem Ipßüm",
    YEAR = "2019",
    PUBLISHER = "Association for Lorem Ipsum",
    CITED-BY = "test"
}