@inproceedings{PDF,
    author = "Ipsum, Lorem and Ipßüm, Lörem",
    year = "2019",
    publisher = "Association for Lorem Ipsum",
    cited-by = "test"
}