@inproceedings{Jie2019a,
    author = "Jie, Zhanming and Xie, Pengjun and Lu, Wei and Ding, Ruixue and Li, Linlin",
    year = "2019",
    publisher = "Association for Computational Linguistics",
    cited-by = "test"
}

@inproceedings{Jie2019b,
    Author = "Zhanming Jie and Pengjun Xie and Wei Lu and Ruixue Ding and Linlin Li",
    Year = "2019",
    Publisher = "Association for Computational Linguistics",
    Cited-by = "test"
}

@inproceedings{Jie2019c,
    AUTHOR = "Zhanming Jie and Pengjun Xie and Wei Lu and Ruixue Ding and Linlin Li",
    YEAR = "2019",
    PUBLISHER = "Association for Computational Linguistics",
    CITED-BY = "test"
}

@inproceedings{Jie2019c,
    AUTHOR = "Zhanming Jie and Pengjun Xie and Wei Lu and Ruixue Ding and Linlin Li",
    YEAR = "2019",
    PUBLISHER = "Association for Computational Linguistics",
    CITED-BY = "test"
}

@inproceedings{test,
    Author = ,
    Year = ,
    Publisher = ,
    Cited-by =
}

@inproceedings{
}

@inproceedings{,
    Author = ,
    Year = ,
    Publisher = ,
    Cited-by =
}

@inproceedings{,
    AUTHOR = "Zhanming Jie and Pengjun Xie and Wei Lu and Ruixue Ding and Linlin Li",
    YEAR = "2019",
    PUBLISHER = "Association for Computational Linguistics",
    CITED-BY = "test"
}
 